<record><leader>00000cas a22000007a 4500</leader><controlfield tag="001">11660162</controlfield><controlfield tag="008">850205d18461906wiucr ne      0    0eng d</controlfield><datafield ind1=" " ind2=" " tag="010"><subfield code="a">sn 85033082 </subfield></datafield><datafield ind1=" " ind2=" " tag="040"><subfield code="a">NPU</subfield><subfield code="b">eng</subfield><subfield code="c">NPU</subfield><subfield code="d">NPV</subfield><subfield code="d">DLC</subfield><subfield code="d">NPX</subfield><subfield code="d">NPV</subfield><subfield code="d">NVF</subfield><subfield code="d">OCL</subfield><subfield code="d">OCLCF</subfield><subfield code="d">OCLCO</subfield></datafield><datafield ind1="1" ind2=" " tag="029"><subfield code="a">AU@</subfield><subfield code="b">000025834706</subfield></datafield><datafield ind1=" " ind2=" " tag="042"><subfield code="a">msc</subfield></datafield><datafield ind1="0" ind2="0" tag="050"><subfield code="a">Newspaper 10216-X</subfield></datafield><datafield ind1="0" ind2=" " tag="130"><subfield code="a">Green Bay advocate (Green Bay, Wis. : 1846)</subfield></datafield><datafield ind1="0" ind2="0" tag="245"><subfield code="a">Green Bay advocate.</subfield></datafield><datafield ind1="1" ind2="7" tag="246"><subfield code="a">Green Bay weekly advocate</subfield><subfield code="f">June 13, 1895-&lt;Dec. 23, 1897&gt;</subfield></datafield><datafield ind1=" " ind2=" " tag="260"><subfield code="a">Green Bay [Wis.] :</subfield><subfield code="b">Robinson &amp; Bro.,</subfield><subfield code="c">1846-1906.</subfield></datafield><datafield ind1=" " ind2=" " tag="300"><subfield code="a">60 v. :</subfield><subfield code="b">ill. ;</subfield><subfield code="c">62-76 cm.</subfield></datafield><datafield ind1=" " ind2=" " tag="310"><subfield code="a">Semiweekly,</subfield><subfield code="b">&lt;Jan. 17, 1905-1906&gt;</subfield></datafield><datafield ind1=" " ind2=" " tag="321"><subfield code="a">Weekly,</subfield><subfield code="b">Aug. 13, 1846-&lt;Dec. 23, 1897&gt;</subfield></datafield><datafield ind1=" " ind2=" " tag="321"><subfield code="a">Semiweekly,</subfield><subfield code="b">&lt;Jan. 1, 1899-Sept. 13, 1901&gt;</subfield></datafield><datafield ind1=" " ind2=" " tag="321"><subfield code="a">Triweekly,</subfield><subfield code="b">&lt;Sept. 17, 1901-Oct. 1903&gt;</subfield></datafield><datafield ind1="0" ind2=" " tag="362"><subfield code="a">Vol. 1, no. 1 (Aug. 13, 1846)-60th year, no. 184 (Dec. 18, 1906).</subfield></datafield><datafield ind1=" " ind2=" " tag="580"><subfield code="a">Also published in daily ed. with title: Green Bay daily advocate, &lt;Sept. 17, 1896&gt;-Jan. 14, 1898; Evening advocate, Jan. 15-July 30, 1898; Daily advocate, Sept. 28, 1898; Advocate, Sept. 29-Dec. 31, 1898; Green Bay advocate, &lt;Oct. 9, 1902&gt;-Dec. 15, 1906.</subfield></datafield><datafield ind1=" " ind2="0" tag="651"><subfield code="a">Green Bay (Wis.)</subfield><subfield code="v">Newspapers.</subfield></datafield><datafield ind1=" " ind2="7" tag="655"><subfield code="a">Newspapers.</subfield><subfield code="2">fast</subfield><subfield code="0">(OCoLC)fst01423814</subfield></datafield><datafield ind1=" " ind2="7" tag="651"><subfield code="a">Wisconsin</subfield><subfield code="z">Green Bay.</subfield><subfield code="2">fast</subfield><subfield code="0">(OCoLC)fst01210546</subfield></datafield><datafield ind1=" " ind2=" " tag="752"><subfield code="a">United States</subfield><subfield code="b">Wisconsin</subfield><subfield code="c">Brown</subfield><subfield code="d">Green Bay.</subfield></datafield><datafield ind1="1" ind2=" " tag="775"><subfield code="t">Green Bay daily advocate</subfield><subfield code="w">(DLC)sn 85040637</subfield></datafield><datafield ind1="1" ind2=" " tag="775"><subfield code="t">Evening advocate (Green Bay, Wis.)</subfield><subfield code="w">(DLC)sn 85040638</subfield></datafield><datafield ind1="1" ind2=" " tag="775"><subfield code="t">Daily advocate (Green Bay, Wis.)</subfield><subfield code="w">(DLC)sn 85040639</subfield></datafield><datafield ind1="1" ind2=" " tag="775"><subfield code="t">Advocate (Green Bay, Wis.)</subfield><subfield code="w">(DLC)sn 85040640</subfield></datafield><datafield ind1="1" ind2=" " tag="775"><subfield code="t">Green Bay advocate (Green Bay, Wis. : 1902)</subfield><subfield code="w">(DLC)sn 85040641</subfield></datafield><datafield ind1="0" ind2="4" tag="785"><subfield code="t">Green Bay gazette</subfield><subfield code="w">(DLC)sn 86068157</subfield></datafield></record>